=LDR  03047cas a2200757 a 4500
=001  017188598
=003  Uk
=005  20230223162131.0
=006  m\\\\\\\\d\\||||||
=007  cr||||||||||||
=008  131214c18319999be\dr\p\o\\\\f0\\\b0dut\d
=FMT  \\$a  SE
=022  \\$a2033-6713
=035  \\$a(OCoLC)865448483$z(OCoLC)85446442
=040  \\$aOCLCE$beng$cOCLCE$dOCLCO$dOCLCS$dHVL$dOCLCO$dOCLCF$dUk
=041  0\$adut$afre
=042  \\$aukblsr
=043  \\$ae-be---
=050  \4$aJN6101$b.B45x
=082  04$a351.49305$223
=110  1\$aBelgium.
=222  \0$aMoniteur belge$b(Online)
=245  10$aMoniteur belge$h[electronic resource] :$bBelgisch staatsblad.
=260  \\$a[Bruxelles :$bs.n.]
=336  \\$atext$2rdacontent
=337  \\$acomputer$2rdamedia
=338  \\$aonline resource$2rdacarrier
=362  1\$aBegan in 1831.
=500  \\$aTitle varies slightly.
=500  \\$aOrder of titles varies.
=515  \\$aPub. in Le Havre Aug. 21, 1914-Nov. 21, 1918; in London, -Sept. 7, 1944; by Belgian government in exile, Nov. 22, 1940 (no. 189)-Mr. 1942.
=525  \\$aIssues for Oct. 1937- accompanied by a separately paged monthly sect. "Prix courant ... Prijscourant."
=546  \\$aIn Dutch and French.
=588  \\$aDescription based on print version record.
=650  \0$aGazettes$zBelgium.
=650  \0$aLaw$zBelgium$vPeriodicals.
=651  \0$aBelgium$xPolitics and government$vPeriodicals.
=650  \6$aDroit$zBelgique$vPériodiques.
=651  \6$aBelgique$xPolitique et gouvernement$vPériodiques.
=650  \7$aLaw.$2fast$0(OCoLC)fst00993678
=650  \7$aPolitical science.$2fast$0(OCoLC)fst01069781
=651  \7$aBelgium.$2fast$0(OCoLC)fst01210278
=655  \7$aOfficial gazettes.$2fast$0(OCoLC)fst01774292
=655  \7$aPeriodicals.$2fast$0(OCoLC)fst01411641
=710  1\$aBelgium.$tBelgisch staatsblad.
=776  08$iPrint version, -2001:$tMoniteur belge$x0376-6764
=856  40$uhttp://www.ejustice.just.fgov.be/cgi/welcome.pl$yOfficial gazette
=856  40$3HathiTrust Digital Library, Full view$uhttp://catalog.hathitrust.org/api/volumes/oclc/182881789.html
=856  40$uhttp://rzblx1.uni-regensburg.de/ezeit/warpto.phtml?colors=7&jour%5Fid=5364
=859  \\$aXLD$bNon-UK official document
=985  \\$aUpdated by MS generated file for WR2302-017
=CAT  \\$a3072$b40$c20150507$lBLL01$h1620
=CAT  \\$a3072$b40$c20150623$lBLL01$h1330
=CAT  \\$a3072$b40$c20150623$lBLL01$h1343
=CAT  \\$a3072$b40$c20150623$lBLL01$h1410
=CAT  \\$a3072$b40$c20150623$lBLL01$h1411
=CAT  \\$a3072$b40$c20150623$lBLL01$h1736
=CAT  \\$a3072$b40$c20150623$lBLL01$h1737
=CAT  \\$a3072$b40$c20150624$lBLL01$h1209
=CAT  \\$a3072$b40$c20150930$lBLL01$h1130
=CAT  \\$aW1606-1753$c20171028$lBLL01$h1605
=CAT  \\$aW2302-0174$c20230223$lBLL01$h2003
=FIN  \\$aY$d20150623
=LKR  \\$aPAR$b011767940$lBLL01$r776$mMoniteur belge (Online)$nMoniteur belge (Print)
=SID  \\$aZ39$bOCLC
=LAS  \\$aW2302-0174$b00$c20230223$lBLL01$h2003

