=LDR  02620 as a2200661 i 4500
=001  018980727
=003  Uk
=005  20190306102116.0
=006  m\\\\\o\\d\f\\\\\\
=007  cr\an|||||||||
=008  000703c19479999oncer\pso\\\\f0\\\b0eng\d
=FMT  \\$a  SE
=016  \\$a004709128
=022  \\$a1494-6122$y0045-4206
=035  \\$a(OCoLC)878029185
=040  \\$aUAB$beng$cUAB$dOCLCO$dOCLCF$dLGG$dVT2$dOCLCQ$dWY@$dUk
=042  \\$aukblsr
=043  \\$an-cn---
=050  \4$aJ2
=055  01$aKE119
=082  04$a348.7102$223
=110  1\$aCanada.
=210  0\$aCan. gaz., II$b(Online)
=222  \0$aCanada gazette. Part II$b(Online)
=240  10$aCanada gazette. Part II (Online)
=245  10$aCanada gazette.$nPart II.
=246  13$aCanada gazette.$nPart 2
=260  \\$a[Ottawa] :$bGovt. of Canada.
=310  \\$aBiweekly
=336  \\$atext$2rdacontent
=337  \\$acomputer$2rdamedia
=338  \\$aonline resource$2rdacarrier
=362  1\$aPrint began in 1947.
=530  \\$aAlso issued in print, -2014.
=538  \\$aMode of access: World Wide Web.
=588  0\$aDescription based on: Vol. 134, no. 1 (Jan. 5, 2000); title from title screen (viewed May 10, 2000).
=588  \\$aLatest issue consulted: vol. 152, no. 14 (July 11, 2018) (viewed July 17, 2018).
=650  \7$aGazettes.$2fast$0(OCoLC)fst00939356
=650  \0$aDelegated legislation$zCanada$vPeriodicals.
=650  \6$aRèglements (Droit administratif)$zCanada$vPériodiques.
=650  \7$aDelegated legislation.$2fast$0(OCoLC)fst00889920
=651  \7$aCanada.$2fast$0(OCoLC)fst01204310
=655  \7$aPeriodicals.$2fast$0(OCoLC)fst01411641
=775  0\$aCanada.$sGazette du Canada. Partie II (Online)$x1494-6130
=776  1\$aCanada.$tCanada gazette. Part II
=780  01$aCanada.$tCanada gazette. Part II, Statutory orders and regulations$x0045-4206
=856  40$3Free Access: v.132(1998)-$uhttp://www.gazette.gc.ca/archives/part2-archives-partie2-eng.html
=856  40$3Free Access: v.81(1947)-v.131(1997)$uhttp://www.collectionscanada.gc.ca/databases/canada-gazette/index-e.html
=856  40$uhttp://www.gazette.gc.ca/accueil-home-eng.html$yOfficial gazette
=859  \\$aXLD$bNon-UK official document
=CAT  \\$a3072$b40$c20180717$lBLL01$h1728
=CAT  \\$a3072$b40$c20180717$lBLL01$h1729
=CAT  \\$a3072$b40$c20180717$lBLL01$h1744
=CAT  \\$a11279$b40$c20190306$lBLL01$h1021
=FIN  \\$aY$d20180717
=LKR  \\$aPAR$b015791706$lBLL01$nCanada gazette. Part II (Print)$mCanada gazette. Part II (Online)$r776
=SID  \\$aZ39$bOCLC
=LAS  \\$a11279$b40$c20190306$lBLL01$h1021

