=LDR  03547cas a2200889 i 4500
=001  017650141
=003  Uk
=005  20230223162510.0
=006  m\\\\\\\\u\\\\\\\\
=007  cr\an|||||||||
=008  000510c19479999oncwr\pso\\\\f0\\\a0eng\d
=FMT  \\$a  SE
=016  \\$a004709063
=022  0\$a1494-6076
=035  \\$a(OCoLC)878029084
=040  \\$aUAB$beng$cUAB$dOCLCO$dOCLCF$dOCLCO$dOCL$dUk
=042  \\$aukblsr
=043  \\$an-cn---
=055  01$aKE119
=082  04$a351.7105$221
=110  1\$aCanada.
=210  0\$aCan. gaz., I$b(Online)
=222  \0$aCanada gazette. Part I$b(Online)
=240  10$aCanada gazette. Part I (Online)
=245  10$aCanada gazette.$nPart I$h[electronic resource].
=246  3\$aCanada gazette.$nPart I.$pExtra
=260  \\$a[Ottawa] :$bGovt. of Canada
=310  \\$aWeekly, with quarterly indexes.
=336  \\$atext$2rdacontent
=337  \\$acomputer$2rdamedia
=338  \\$aonline resource$2rdacarrier
=362  1\$aPrint began in 1947.
=588  \\$aDescription based on: Vol. 134, no. 1 (Jan. 1, 2000).
=500  \\$aTitle from title screen (viewed on May 10, 2000).
=515  \\$aSome issues constitute the "Extra" edition.
=530  \\$aIssued also in print version (1947-2014).
=538  \\$aMode of access: World Wide Web.
=588  \\$aLatest issue consulted: vol. 149, no. 49 (viewed December 7, 2015).
=650  \0$aGazettes$zCanada.
=650  \0$aLaw$zCanada.
=650  \7$aGazettes.$2fast$0(OCoLC)fst00939356
=650  \0$aLaw$zCanada$vPeriodicals.
=650  \0$aCorporations$zCanada$vPeriodicals.
=650  \0$aBankruptcy$zCanada$vPeriodicals.
=650  \6$aDroit$zCanada$xLégislation$vPériodiques.
=650  \6$aSociétés$zCanada$vPériodiques.
=650  \6$aFaillite$zCanada$vPériodiques.
=651  \0$aCanada$xPolitics and government$vPeriodicals.
=651  \0$aCanada$xOfficials and employees$vPeriodicals.
=651  \6$aCanada$xPolitique et gouvernement$vPériodiques.
=651  \6$aCanada$xFonctionnaires$vPériodiques.
=650  \7$aBankruptcy.$2fast$0(OCoLC)fst00826826
=650  \7$aCorporations.$2fast$0(OCoLC)fst00879777
=650  \7$aEmployees.$2fast$0(OCoLC)fst00909111
=650  \7$aLaw.$2fast$0(OCoLC)fst00993678
=650  \7$aPolitics and government.$2fast$0(OCoLC)fst01919741
=651  \7$aCanada.$2fast$0(OCoLC)fst01204310
=655  \7$aOfficial gazettes.$2fast$0(OCoLC)fst01774292
=655  \7$aPeriodicals.$2fast$0(OCoLC)fst01411641
=775  0\$aCanada.$sGazette du Canada. Partie I (Online)$x1494-6084
=776  08$iPrint version, -2014:$aCanada.$tCanada gazette, Part I$x0045-4192
=856  40$uhttp://www.gazette.gc.ca/accueil-home-eng.html$yOfficial gazette
=859  \\$aXLD$bNon-UK official document
=856  41$3Free Access: v.132(1998)-$uhttp://www.gazette.gc.ca/archives/part1-archives-partie1-eng.html
=856  41$3Free Access: v.81(1947)-v.131(1997)$uhttp://www.collectionscanada.gc.ca/databases/canada-gazette/index-e.html
=985  \\$aUpdated by MS generated file for WR2302-017
=CAT  \\$a3072$b40$c20151207$lBLL01$h1634
=CAT  \\$a3072$b40$c20151207$lBLL01$h1636
=CAT  \\$a3072$b40$c20160119$lBLL01$h1640
=CAT  \\$aW1606-1753$c20171029$lBLL01$h1348
=CAT  \\$a3391$b40$c20180626$lBLL01$h2038
=CAT  \\$a3072$b40$c20180717$lBLL01$h1723
=CAT  \\$a3072$b40$c20180717$lBLL01$h1727
=CAT  \\$aW2302-0174$c20230223$lBLL01$h2005
=FIN  \\$aY$d20180717
=SID  \\$aZ39$bOCLC
=LAS  \\$aW2302-0174$b00$c20230223$lBLL01$h2005

