=LDR  03944cas a2200829 a 4500
=001  017586905
=003  Uk
=005  20230223162437.0
=006  m\\\\\|\\d\|\\\\\\
=007  cr\|||||||||||
=008  870615c19879999acadx\p\\\\\\f0\\\a0eng\\
=FMT  \\$a  SE
=022  \\$y0819-7105
=035  \\$a(OCoLC)890002166
=040  \\$aAU@$beng$cAU@$dOCLCO$dOCLCF$dOCL$dOCLCO$dUk
=042  \\$aukblsr
=043  \\$au-at---
=082  04$a351.9405$223
=110  1\$aAustralia.
=222  \0$aCommonwealth of Australia gazette. Government notices
=245  10$aCommonwealth of Australia gazette.$pGovernment notices$h[electronic resource].
=246  30$aGovernment notices
=246  13$aGovernment notices gazette
=246  13$aGazettes general
=260  \\$aCanberra :$bAustralian Government Publishing Service,$c1987-
=264  31$a[Canberra] :$bCommonwealth of Australia
=310  \\$aDaily (weekdays)
=321  \\$aWeekly
=336  \\$atext$2rdacontent
=337  \\$acomputer$2rdamedia
=338  \\$aonline resource$2rdacarrier
=500  \\$aDescription based on title screen page (viewed 30.8.2010).
=520  \\$a"Gazette notices contain a range of information about legislation, including proclamations and notices of Commonwealth government departments and Courts, and other notices required under Commonwealth law".
=588  \\$aLatest issue consulted: C2015G01703, published 20/10/2015 (ComLaw, viewed October 20, 2015).
=650  \0$aGazettes$zAustralia.
=650  \7$aGazettes.$2fast$0(OCoLC)fst00939356
=650  \0$aExecutive departments$zAustralia$vPeriodicals.
=650  \0$aGovernment information$zAustralia$vPeriodicals.
=650  \0$aAdministrative agencies$zAustralia$vPeriodicals.
=650  \0$aAdministrative law$zAustralia$vPeriodicals.
=651  \0$aAustralia$xPolitics and government$vPeriodicals.
=651  \0$aAustralia$xExecutive departments$vPeriodicals.
=650  \7$aAdministrative agencies.$2fast$0(OCoLC)fst00796723
=650  \7$aAdministrative law.$2fast$0(OCoLC)fst00796846
=650  \7$aExecutive departments.$2fast$0(OCoLC)fst00917803
=650  \7$aGovernment information.$2fast$0(OCoLC)fst00945364
=650  \7$aPolitics and government.$2fast$0(OCoLC)fst01919741
=651  \7$aAustralia.$2fast$0(OCoLC)fst01204543
=655  \7$aOfficial gazettes.$2fast$0(OCoLC)fst01774292
=655  \7$aPeriodicals.$2fast$0(OCoLC)fst01411641
=710  1\$aAustralia.
=740  02$aCommonwealth of Australia gazette Special.
=773  0\$tAustralian government gazettes
=776  08$iPrint version, -2012? :$aCommonwealth of Australia gazette. Government notices$x0819-7105
=777  1\$aAustralia.$tCommonwealth of Australia gazette. Special$gS71 (1 May 1987)-
=780  11$aAustralia.$tCommonwealth of Australia gazette. General
=856  4\$uhttps://www.comlaw.gov.au/Browse/ByPublicationDate/Gazettes/Current/1/$yOfficial gazette
=859  \\$aXLD$bNon-UK official document
=856  41$uhttp://www.ag.gov.au/portal/govgazonline.nsf/(custom-govnot-pub-view)?OpenView$zLink no longer valid
=985  \\$aIN PROGRESS. OFFICIAL GAZETTES EXPERIMENT
=985  \\$ahttp://www.australia.gov.au/about-government/publications/australian-government-gazettes; add 773 or 740 for either ComLaw or Australian government gazettes?
=985  \\$aUpdated by MS generated file for WR2302-017
=CAT  \\$a3072$b40$c20151020$lBLL01$h1315
=CAT  \\$a3072$b40$c20151020$lBLL01$h1323
=CAT  \\$a3072$b40$c20151020$lBLL01$h1324
=CAT  \\$a3072$b40$c20151130$lBLL01$h1503
=CAT  \\$a3072$b40$c20151130$lBLL01$h1554
=CAT  \\$aW1606-1753$c20171029$lBLL01$h1347
=CAT  \\$aW2302-0174$c20230223$lBLL01$h2005
=LKR  \\$aPAR$b012400904$lBLL01$r776$mCommonwealth of Australia gazette. Government notices (Online)$nCommonwealth of Australia gazette. Government notices (Print)
=SID  \\$aZ39$bOCLC
=LAS  \\$aW2302-0174$b00$c20230223$lBLL01$h2005

