=LDR  03364cas a2200661 a 4500
=001  017714042
=003  Uk
=005  20230223162545.0
=006  m\\\\\o\\d\f\\\\\\
=007  cr||||||||||||
=008  070927c18569999nz\wn\p\o\\\\f0\\\a0eng\\
=FMT  \\$a  SE
=022  \\$a1177-8415$l0111-5650
=035  \\$a(OCoLC)173447702
=040  \\$aNz$beng$cUV0$dOCLCQ$dOCLCF$dOCLCO$dOCL$dUk
=042  \\$aukblsr
=043  \\$au-nz---
=082  04$a351.9305$222
=110  1\$aNew Zealand.
=210  1\$aN.Z. gaz.$b(Online)
=222  \0$aNew Zealand gazette$b(Online)
=240  10$aNew Zealand gazette (Online)
=245  10$aNew Zealand gazette$h[electronic resource] =$bte kahiti o Aotearoa.
=246  31$aKahiti o Aotearoa
=260  \\$aWellington [N.Z.] :$bDept. of Internal Affairs
=310  \\$aWeekly (except Christmas/New Year)
=336  \\$atext$2rdacontent
=337  \\$acomputer$2rdamedia
=338  \\$aonline resource$2rdacarrier
=362  1\$aPrint began in 1856.
=515  \\$aIssued in 2 parts titled: Principal ed. (published on Thursdays) and Customs ed. (published on Tuesdays); issues also numbered within the year.
=520  \\$aThe New Zealand Gazette is the official newspaper of the Government of New Zealand and is produced by the Department of Internal Affairs. Each edition of the Gazette is divided into commercial and government notices, covering business proceedings, bankruptcies, land transfer notices, departmental and parliamentary notices. Customs editions of the Gazette, containing information on tariff advertisements and tariff decisions, are also published weekly. Special editions, supplements and Professional and trade lists are produced as and when required.
=525  \\$aSupplements issued between editions; special issues published between some editions.
=538  \\$aMode of access: World Wide Web.
=588  \\$aDescription based on: 6 Sept. 2001; title from home page (viewed Aug. 1, 2003).
=650  \0$aGazettes$zNew Zealand.
=650  \7$aGazettes.$2fast$0(OCoLC)fst00939356
=651  \0$aNew Zealand$xPolitics and government$vPeriodicals.
=650  \7$aPolitics and government.$2fast$0(OCoLC)fst01919741
=651  \7$aNew Zealand.$2fast$0(OCoLC)fst01204542
=655  \7$aOfficial gazettes.$2fast$0(OCoLC)fst01774292
=655  \7$aPeriodicals.$2fast$0(OCoLC)fst01411641
=710  1\$aNew Zealand.$bDepartment of Internal Affairs.
=776  08$iPrint version:$aNew Zealand.$tNew Zealand gazette$x0111-5650
=776  08$iCD-ROM version:$aNew Zealand.$tNew Zealand gazette archive
=856  40$uhttps://www.gazette.govt.nz/$yOfficial gazette
=859  \\$aXLD$bNon-UK official document
=856  40$uhttp://www.gazette.govt.nz/$zThe Department of Internal Affairs: New Zealand Gazette - The New Zealand Gazette
=985  \\$aIN PROGRESS. OFFICIAL GAZETTES EXPERIMENT
=985  \\$aDetails a bit different from our print record, but better record.
=985  \\$aUpdated by MS generated file for WR2302-017
=CAT  \\$a3072$b40$c20160121$lBLL01$h1145
=CAT  \\$a3072$b40$c20160121$lBLL01$h1147
=CAT  \\$aW1606-1753$c20171029$lBLL01$h1349
=CAT  \\$aW2302-0174$c20230223$lBLL01$h2006
=LKR  \\$aPAR$b002640573$lBLL01$r776$mNew Zealand gazette (Online)$nNew Zealand gazette (Print)
=SID  \\$aZ39$bOCLC
=LAS  \\$aW2302-0174$b00$c20230223$lBLL01$h2006

