=LDR  03348cas a2200745 a 4500
=001  017706528
=003  Uk
=005  20230223162541.0
=006  m\\\\\\\\d\\\\\\\\
=007  cr\|n|||||||||
=008  030317c20039999lu\dx\\\o\l\\i0\\\a0eng\d
=FMT  \\$a  SE
=010  \\$a  2003235255
=022  \\$y1977-091X$y1725-2423
=024  8\$assj004509
=030  \\$aOJEUBS
=035  \\$a(OCoLC)849643634
=040  \\$aSYB$beng$cSYB$dOCLCO$dOCLCQ$dUk
=042  \\$aukblsr
=043  \\$ae------
=050  00$aKJE908$b.I54
=082  04$a352.114$223
=245  00$aOfficial journal of the European Union.$pInformation and notices$h[electronic resource].
=246  30$aInformation and notices
=250  \\$aEnglish ed.
=260  \\$aLuxembourg :$bOffice for Official Publications of the European Communities,$c2003-
=310  \\$aDaily (irregular)
=336  \\$atext$2rdacontent
=337  \\$acomputer$2rdamedia
=338  \\$aonline resource$2rdacarrier
=362  1\$aBegan with: Vol. 46, C25 (1 Feb. 2003).
=588  \\$aDescription based on print version record.
=546  \\$aIssued also in the other official languages of the Communities.
=580  \\$aHas separately issued supplement, known as S series.
=588  \\$aLatest issue consulted: volume 59, C11 (14 January 2016) (EUR-Lex, viewed January 14, 2016).
=610  20$aEuropean Union$vPeriodicals.
=650  \0$aGazettes$zEuropean Union countries.
=650  17$aEuropees recht.$2gtt
=650  17$aEU-richtlijnen.$2gtt
=650  17$aBeschikkingen.$2gtt
=650  17$aEU-verordeningen.$2gtt
=655  \7$aOfficial gazettes.$2fast$0(OCoLC)fst01774292
=770  1\$tSuplemento al Diario oficial de la Union Europea$x1830-2041
=776  08$iCD-ROM version, -2013:$tOfficial journal of the European Union. L & C, Legislation, information and notices$x1725-4191
=776  08$iPrint version, -2013:$tOfficial journal of the European Union. Information and notices$x1725-2423
=780  00$tOfficial journal of the European Communities. Information and notices$x0378-6986
=856  40$uhttp://eur-lex.europa.eu/oj/direct-access.html?locale=en$yOfficial gazette
=859  \\$aXLD$bNon-UK official document
=856  40$uhttp://eur-lex.europa.eu/JOIndex.do?ihmlang=en$zFull text available from EUR-Lex: 2003 to present$xserx
=985  \\$aIN PROGRESS. OFFICIAL GAZETTES EXPERIMENT
=985  \\$aUpdated by MS generated file for WR2302-017
=CAT  \\$a3072$b40$c20160114$lBLL01$h1341
=CAT  \\$a3072$b40$c20160114$lBLL01$h1343
=CAT  \\$a3072$b40$c20160114$lBLL01$h1655
=CAT  \\$a3072$b40$c20160114$lBLL01$h1731
=CAT  \\$a3072$b40$c20160118$lBLL01$h1625
=CAT  \\$a3072$b40$c20160118$lBLL01$h1649
=CAT  \\$a3072$b40$c20160121$lBLL01$h1454
=CAT  \\$aBATCH-UPD$b40$c20160721$lBLL01$h2119
=CAT  \\$aW1606-1753$c20171029$lBLL01$h1349
=CAT  \\$aW2302-0174$c20230223$lBLL01$h2006
=LKR  \\$aPAR$b014897727$lBLL01$r776$mOfficial journal of the European Union. Information and notices (Online)$nOfficial Journal of the European Union Information and notices (Print)
=LKR  \\$aPAR$b005501948$lBLL01$r776$mOfficial journal of the European Union. Information and notices (Online)$nOfficial journal of the European Union. L&C (CD-ROM)
=SID  \\$aZ39$bOCLC
=LAS  \\$aW2302-0174$b00$c20230223$lBLL01$h2006

