=LDR  02870cas a2200673 a 4500
=001  017433935
=003  Uk
=005  20230223162335.0
=006  m\\\\\|\\d\|\\\\\\
=007  cr\|||||||||||
=008  001208c19979999au\\x\p\\\\\\f0\\\b0ger\c
=FMT  \\$a  SE
=040  \\$aUk$beng$cUk
=042  \\$aukblsr
=043  \\$ae-au---
=050  00$aKJJ7$b.A92
=082  04$a351.43605$223
=110  1\$aAustria.
=245  10$aBundesgesetzblatt für die Republik Österreich.$nTeil II$h[electronic resource].
=260  \\$aWien :$bÖsterreichische Staatsdruckerei,$c[1997]-
=264  31$a[Wien] :$bBundeskanzleramt Österreichisch
=310  \\$aIrregular
=336  \\$atext$2rdacontent
=337  \\$acomputer$2rdamedia
=338  \\$aonline resource$2rdacarrier
=362  0\$aPrint began with Jahrg. 1997, [Nr. 1] (7. Jän. 1997).
=500  \\$aTeil II contains secondary legislation.
=500  \\$aPublished: Wien : Print Media Austria AG, <2000>.
=588  \\$aDescription based on print version record.
=588  \\$aLatest issue consulted: Jahrg. 2015, 71 (7 Juli 2015) (Rechtsinformationssystem, viewed July 7, 2015).
=588  \\$aLatest issue consulted: Jahrg. 2015, 191 (6 Juli 2015) (Rechtsinformationssystem, viewed July 7, 2015).
=650  \0$aLaw$zAustria.
=650  \0$aDelegated legislation$zAustria.
=650  \0$aGazettes$zAustria.
=650  \7$aDelegated legislation.$2fast$0(OCoLC)fst00889920
=650  \7$aGazettes.$2fast$0(OCoLC)fst00939356
=650  \7$aLaw.$2fast$0(OCoLC)fst00993678
=651  \7$aAustria.$2fast$0(OCoLC)fst01204901
=655  \7$aOfficial gazettes.$2fast$0(OCoLC)fst01774292
=776  08$iPrint version, -2007?:$aAustria.$tBundesgesetzblatt für die Republik Österreich,Teil II
=780  01$aAustria.$sBundesgesetzblatt für die Republik Österreich (1945).$tBundesgesetzblatt für die Republik Österreich
=856  40$uhttp://www.ris.bka.gv.at/Bgbl-Auth/$yOfficial gazette
=859  \\$aXLD$bNon-UK official document
=856  41$uhttp://www.bgbl.at/bgbl/index.html
=985  \\$aUpdated by MS generated file for WR2302-017
=CAT  \\$a3072$b40$c20150707$lBLL01$h1651
=CAT  \\$a3072$b40$c20150707$lBLL01$h1653
=CAT  \\$a3072$b40$c20150707$lBLL01$h1709
=CAT  \\$a3072$b40$c20150708$lBLL01$h1147
=CAT  \\$a3072$b40$c20150708$lBLL01$h1149
=CAT  \\$a3072$b40$c20150708$lBLL01$h1150
=CAT  \\$a3072$b40$c20150708$lBLL01$h1604
=CAT  \\$a3072$b40$c20150708$lBLL01$h1646
=CAT  \\$aW1606-1753$c20171029$lBLL01$h1346
=CAT  \\$aW2302-0174$c20230223$lBLL01$h2004
=FIN  \\$aY$d20150708
=LKR  \\$aPAR$b012441875$lBLL01$r776$mBundesgesetzblatt für die Republik Österreich. Teil II (Online)$nBundesgesetzblatt für die Republik Österreich. Teil II (Print)
=SID  \\$aZ39$bOCLC
=LAS  \\$aW2302-0174$b00$c20230223$lBLL01$h2004

