=LDR  03420cas a2200769 a 4500
=001  017650160
=003  Uk
=005  20230223162510.0
=006  m\\\\\o\\d\f\\\\\\
=007  cr\un|||||||||
=008  080407c19459999hu\\x\\so\\\\f0\\\b0hun\d
=FMT  \\$a  SE
=022  \\$a2063-0379$y0076-2407
=035  \\$a(OCoLC)220952001
=040  \\$aOCLCS$beng$cOCLCS$dOCLCS$dOCLCQ$dOCLCF$dOCLCO$dOCL$dUk
=042  \\$aukblsr
=043  \\$ae-hu---
=050  \4$aKKF7$b.H86
=082  04$a351.439$223
=110  1\$aHungary.
=222  \0$aMagyar közlöny$b(Online)
=240  10$aMagyar közlöny (Online)
=245  10$aMagyar közlöny$h[electronic resource] :$bhivatalos lap.
=260  \\$aDebrecen :$bDemeter Géza
=264  31$aBudapest :$bIgazságügyi Minisztérium
=310  \\$aIrregular
=336  \\$atext$2rdacontent
=337  \\$acomputer$2rdamedia
=338  \\$aonline resource$2rdacarrier
=362  1\$aPrint began with 1945, sz. 1 (jan. 4 1945).
=500  \\$aPublished: Budapest, Apr. 22 1945-.
=500  \\$aIssues for <1949-1989> called: a Magyar Népköztársaság hivatalos lapja; for <1990-> a Magyar Köztársaság hivatalos lapja.
=515  \\$aIssued in several parts: a General section with no special title, and a part called 1947-Apr. 1949: Rendeletek tára; May-Aug. 27, 1949: Törvények és rendeletek tára; Aug. 30-1949-June 30, 1950: Törvények és törvényerejű rendeletek tára; and: Minisztertanácsi és miniszteri rendeletek tára; July 1, 1950- Ministeri rendeletek tára; <2001-> Jogszabályok.
=515  \\$aNumbering repeats each year.
=525  \\$aHas supplement: Hivatalos értesítő.
=530  \\$aAlso issued in print.
=538  \\$aMode of access: World Wide Web.
=555  \\$aCumulative index included in each volume.
=588  \\$aDescription based on print version record.
=588  \\$aLatest issue consulted: 2016, szám 7 (január 18, hétfő) (viewed January 20, 2016).
=650  \0$aLaw$zHungary.
=651  \0$aHungary$xPolitics and government.
=650  \0$aGazettes$zHungary.
=650  \7$aGazettes.$2fast$0(OCoLC)fst00939356
=650  \7$aLaw.$2fast$0(OCoLC)fst00993678
=650  \7$aPolitics and government.$2fast$0(OCoLC)fst01919741
=651  \7$aHungary.$2fast$0(OCoLC)fst01205132
=655  \7$aOfficial gazettes.$2fast$0(OCoLC)fst01774292
=710  1\$aHungary.$bMiniszterelnöki Hivatal.
=770  0\$aHivatalos értesítő$x2063-0387
=776  1\$aHungary.$tMagyar közlöny$x0076-2407
=780  00$aHungary.$tBudapesti közlöny
=856  40$uhttp://www.magyarkozlony.hu/$yOfficial gazette
=859  \\$aXLD$bNon-UK official document
=856  40$uhttp://rzblx1.uni-regensburg.de/ezeit/warpto.phtml?colors=7&jour_id=94894
=985  \\$aIN PROGRESS. OFFICIAL GAZETTES EXPERIMENT
=985  \\$aUpdated by MS generated file for WR2302-017
=CAT  \\$a3072$b40$c20151207$lBLL01$h1703
=CAT  \\$a3072$b40$c20160120$lBLL01$h1641
=CAT  \\$a3072$b40$c20160120$lBLL01$h1642
=CAT  \\$a3072$b40$c20160120$lBLL01$h1654
=CAT  \\$aW1606-1753$c20171029$lBLL01$h1348
=CAT  \\$aW2302-0174$c20230223$lBLL01$h2005
=CAT  \\$aBATCH-UPD$b00$c20230902$lBLL01$h2231
=LKR  \\$aPAR$b011131322$lBLL01$r776$mMagyar közlöny (Online)$nMagyar közlöny (Print)
=SID  \\$aZ39$bOCLC
=LAS  \\$aBATCH-UPD$b00$c20230902$lBLL01$h2231

