=LDR  02308cas a2200601 i 4500
=001  017650175
=003  Uk
=005  20230223162510.0
=006  m\\\\\o\\d\f\\\\\\
=007  cr\un|||||||||
=008  091216c18969999dk\cr\\sol\\\f0\\\b0dan\d
=FMT  \\$a  SE
=022  0\$a1903-7643$y0106-8458
=035  \\$a(OCoLC)489265679
=040  \\$aOCLCS$beng$cOCLCS$dOCLCS$dOCLCQ$dOCLCF$dOCLCO$dUk
=042  \\$aukblsr
=043  \\$ae-dk---
=050  \4$aKJR12$b.D472
=082  04$a349.489$223
=082  04$a351.489$223
=110  1\$aDenmark.
=222  \0$aLovtidende. A
=240  10$aLaws, etc. (Lovtidende. A)
=245  10$aLovtidende.$nA$h[electronic resource].
=260  \\$a[Copenhagen, Denmark :$bs.n.]
=310  \\$aTwice a week (irregular)
=336  \\$atext$2rdacontent
=337  \\$acomputer$2rdamedia
=338  \\$aonline resource$2rdacarrier
=362  1\$aPrint began in 1896.
=538  \\$aMode of access: World Wide Web.
=580  \\$aIssues compiled 12 times a year with Ministerialtidende in: Love og anordninger.
=588  \\$aDescription based on print version record.
=650  \0$aGazettes$zDenmark
=650  \0$aSession laws$zDenmark.
=650  \7$aSession laws.$2fast$0(OCoLC)fst01113571
=651  \7$aDenmark.$2fast$0(OCoLC)fst01204558
=655  \7$aOfficial gazettes.$2fast$0(OCoLC)fst01774292
=740  0\$aLove og anordninger.
=776  08$iPrint version, -2007:$aDenmark.$sLaws, etc. (Lovtidende. A).$tLovtidende. A$x0106-8458
=780  01$aDenmark.$sLaws, etc. (Lovtidende for kongeriget Danmark for aaret ...)$tLovtidende for kongeriget Danmark for aaret ...
=787  1\$aDenmark.$sLaws, etc. (Love og anordninger)$tLove og anordninger
=856  40$uhttps://www.lovtidende.dk$yOfficial gazette
=859  \\$aXLD$bNon-UK official document
=856  40$uhttp://ejournals.ebsco.com/direct.asp?JournalID=717364
=985  \\$aIN PROGRESS. OFFICIAL GAZETTES EXPERIMENT
=985  \\$aUpdated by MS generated file for WR2302-017
=CAT  \\$a3072$b40$c20151207$lBLL01$h1732
=CAT  \\$aW1606-1753$c20171029$lBLL01$h1348
=CAT  \\$aW2302-0174$c20230223$lBLL01$h2005
=LKR  \\$aPAR$b000908630$lBLL01$r776$mLovtidende.$nLovtidende for Kongeriget Danmark. Afdeling A
=SID  \\$aZ39$bOCLC
=LAS  \\$aW2302-0174$b00$c20230223$lBLL01$h2005

