=LDR  02551cas a2200673 i 4500
=001  017713086
=003  Uk
=005  20230223162545.0
=006  m\\\\\o\\d\\\\\\\\
=007  cr||||||||||||
=008  110717c19749999oncmr\p\ol\\\f0\\\a0eng\d
=FMT  \\$a  SE
=016  \\$a750705914E
=022  0\$y0705-9485
=035  \\$a(OCoLC)741483005$z(OCoLC)711564779
=040  \\$aOCLCE$beng$cOCLCE$dLGG$dXFF$dOCLCQ$dOCLCF$dOCLCO$dUk
=041  0\$aeng$afre
=042  \\$aukblsr
=043  \\$an-cn---
=050  \4$aKE91$b.C363
=082  04$a348.7102$223
=110  1\$aCanada.
=245  14$aThe Canada gazette.$nPart III:$pStatutes of Canada.$h[electronic resource]$bLa gazette du Canada. Partie III: Statuts du Canada.
=246  11$aGazette du Canada.$nPartie III:$pStatuts du Canada
=246  13$aPart III: Acts of parliament
=246  30$aStatutes of Canada
=246  30$aStatuts du Canada
=260  \\$aOttawa,$bQueen's Printer.
=310  \\$aMonthly
=336  \\$atext$2rdacontent
=337  \\$acomputer$2rdamedia
=338  \\$aonline resource$2rdacarrier
=362  0\$aPrint began with v. 1 (Dec. 13, 1974).
=546  \\$aText in English and French in parallel columns.
=588  \\$aDescription based on print version record.
=588  \\$aLatest issue consulted: vol. 38, no. 2 (Thursday August 27, 2015) (viewed January 20, 2016).
=538  \\$aMode of access: World Wide Web.
=650  \0$aStatutes
=650  \0$aLaw$zCanada.
=650  \6$aDroit$zCanada$xLégislation$vPériodiques.
=650  \7$aLaw.$2fast$0(OCoLC)fst00993678
=651  \7$aCanada.$2fast$0(OCoLC)fst01204310
=655  \7$aOfficial gazettes.$2fast$0(OCoLC)fst01774292
=776  08$iPrint version, -<2013>:$aCanada. Canada gazette. Part III. Statutes of Canada
=785  01$tTable of public statutes ; Table of acts and responsible ministers
=856  40$uhttp://www.gazette.gc.ca/accueil-home-eng.html$yOfficial gazette
=859  \\$aXLD$bNon-UK official document
=856  40$uhttp://www.gazette.gc.ca/index-eng.html
=985  \\$aUpgraded by BSS-generated file for WR2011-1473
=985  \\$aUpdated by MS generated file for WR2302-017
=CAT  \\$a3072$b40$c20160120$lBLL01$h1531
=CAT  \\$aW1606-1753$c20171029$lBLL01$h1349
=CAT  \\$a3072$b40$c20180717$lBLL01$h1723
=CAT  \\$a3072$b40$c20180717$lBLL01$h1728
=CAT  \\$aW2011-1473$b00$c20201124$lBLL01$h1905
=CAT  \\$aW2302-0174$c20230223$lBLL01$h2006
=FIN  \\$aY$d20180717
=SID  \\$aZ39$bOCLC
=LAS  \\$aW2302-0174$b00$c20230223$lBLL01$h2006

