=LDR  02605cas a2200733 a 4500
=001  016881074
=003  Uk
=005  20230223161957.0
=006  m\\\\\\\\d\f\\\\\\
=007  cr\un|||||||||
=008  090407c19899999an\er\psol\\\f0\\\a0cat\d
=FMT  \\$a  SE
=033  \\$y1013-7777
=035  \\$a(OCoLC)317918496
=040  \\$aOCLCS$beng$cOCLCS$dOCLCS$dOCLCQ$dOCLCF$dUk
=042  \\$aukblsr
=043  \\$ae-an---
=050  \4$aKJH1.5$b.A53
=082  04$a351.467905$223
=110  1\$aAndorra.
=245  10$aButlletí oficial del Principat d'Andorra$h[electronic resource].
=246  3\$aBOPA
=260  \\$aAndorra la Vella :$b[s.n.]
=310  \\$aBiweekly
=336  \\$atext$2rdacontent
=337  \\$acomputer$2rdamedia
=338  \\$aonline resource$2rdacarrier
=362  1\$aPrint began in 1989.
=538  \\$aMode of access: World Wide Web.
=588  \\$aDescription based on print version record.
=588  \\$aLatest issue consulted: Num. 57 (30 de setembre 2014) (viewed October 2, 2014).
=650  \0$aGazettes$zAndorra.
=650  \0$aLaw$zAndorra$vPeriodicals.
=650  \7$aGazettes.$2fast
=650  \7$aLaw.$2fast
=651  \7$aAndorra.$2fast
=655  \7$aOfficial gazettes.$2fast$0(OCoLC)fst01774292
=655  \7$aPeriodicals.$2fast$0(OCoLC)fst01411641
=776  08$iPrint version:$aAndorra.$tButlletí oficial del Principat d'Andorra$x1013-7777
=856  40$uhttps://www.bopa.ad$yOfficial gazette
=856  40$uhttp://rzblx1.uni-regensburg.de/ezeit/warpto.phtml?colors=7&jour_id=60186
=859  \\$aXLD$bNon-UK official document
=985  \\$aUpdated by MS generated file for WR2302-017
=CAT  \\$a3072$b40$c20141002$lBLL01$h1126
=CAT  \\$a3072$b40$c20141002$lBLL01$h1129
=CAT  \\$a3072$b40$c20141002$lBLL01$h1132
=CAT  \\$a3072$b40$c20141002$lBLL01$h1135
=CAT  \\$a3072$b40$c20141002$lBLL01$h1155
=CAT  \\$a3072$b40$c20141013$lBLL01$h1547
=CAT  \\$a3072$b40$c20141120$lBLL01$h1636
=CAT  \\$a3072$b40$c20141223$lBLL01$h1527
=CAT  \\$a11279$b40$c20150615$lBLL01$h1219
=CAT  \\$a3072$b40$c20150623$lBLL01$h1138
=CAT  \\$a3072$b40$c20150623$lBLL01$h1157
=CAT  \\$a3072$b40$c20150623$lBLL01$h1158
=CAT  \\$a3072$b40$c20150623$lBLL01$h1209
=CAT  \\$a3072$b40$c20150623$lBLL01$h1323
=CAT  \\$a3072$b40$c20150624$lBLL01$h1209
=CAT  \\$a3072$b40$c20150629$lBLL01$h1221
=CAT  \\$aW1606-1753$c20171028$lBLL01$h1603
=CAT  \\$aW2302-0174$c20230223$lBLL01$h2001
=FIN  \\$aY$d20150623
=SID  \\$aZ39$bOCLC
=LAS  \\$aW2302-0174$b00$c20230223$lBLL01$h2001

